@book{LatexGuide,
  title   = {Guide to LATEX},
  author  = {Kopka, Helmut and Daly, Patrick W},
  year    = {2003},
  publisher = {Pearson Education}
}
@misc{TeXWiki,
	author  =	{Japanese TeX Development Community Board},
	title   =	{TeX Wiki},
	url     =	{\url{https://texwiki.texjp.org/}},
	note    =	{最終閲覧日:2024/09/20}
  }

% 情報処理学会のbibファイルサンプル
% 書籍
@book{book1,
	author  =	{奥村 晴彦},
	title   =	{{\LaTeX} 美文書作成入門},
	publisher =	{技術評論社},
	year    =	{1991}
  }
@book{book2,
author    =	{J. D. Foley and others},
title     =	{Computer Graphics --- Principles and Practice},
series    = {System Programming Series},
publisher =	{Addison-Wesley},
address   =	{Reading, Massachusetts},
edition   =	{2nd},
year      = {1990}
}

% 論文
@article{article1,
	author  =	{野口 健一郎 and 大谷 真},
	title   =	{OSIの実現とその課題},
	journal =	{情報処理},
	volume  =	{31},
	number  =	{9},
	pages   =	{1235-1244},
	year    = {1990}
  }
@article{article2,
	author  =	{Ssss Itoh and Nnnn Goto},
	title   =		{An Adaptive Noiseless Coding for Sources with Big
			 Alphabet Size},
	journal =	{Trans. IEICE},
	volume  =	{E74},
	number  =	{9},
	pages   =	{2495--2503},
	year    =	{1991},
	}

% その他
@booklet{booklet1,
	author =	{新世代コンピュータ技術開発機構},
	title =		{第五世代コンピュータプロジェクトの概要},
	howpublished =	{{FGCS'92}にて配布},
	year =		{1992}
  }

@inbook{inbook1,
	author =	{Knuth, D. E.},
	title =		{Fundamental Algorithms},
	series =	{Art of Computer Programming},
	volume =	{1},
	chapter =	{2},
	pages =		{371--381},
	publisher =	{Addison-Wesley},
	address =	{Reading, Massachusetts},
	edition =	{2nd},
	year =		{1973}
  }

@incollection{incollection1,
	author =	{Schwartz, Aaaa Jjjj},
	title =		{Subdividing B{\'e}zier Curves and Surfaces},
	booktitle =	{Geometric Modeling: Algorithms and New Trends},
	editor =	{Farin, G. E.},
	publisher =	{SIAM},
	address =	{Philadelphia},
	pages =		{55--66},
	year =		{1987}
  }

@inproceedings{inproceedings1,
	author =	{Baraff, D},
	title =		{Curved Surfaces and Coherence for Non-penetrating
			 Rigid Body Simulation},
	booktitle =	{SIGGRAPH '90 Proceedings},
	pages =		{19--28},
	editor =	{Beach, R. J.},
	address =	{Dallas, Texas},
	organization =	{ACM},
	publisher =	{Addison-Wesley},
	year =		{1990}
  }

@inproceedings{inproceedings2,
	author =	{Hiroshi Nakashima and others},
	title =		{OhHelp: A Scalable Domain-Decomposing Dynamic
			 Load Balancing for Particle-in-Cell Simulations},
	booktitle =	{Proc.\ Intl.\ Conf. Supercomputing},
	year =		{2009},
	pages =		{90-99},
	doi =		{http://doi.acm.org/10.1145/1542275.1542293}}

@manual{manual1,
	organization =	{Adobe Systems Inc.},
	title =		{PostScript Language Reference Manual},
	publisher =	{Addison-Wesley},
	address =	{Reading, Massachusetts},
	year =		{1985}
  }

@mastersthesis{mastersthesis1,
	author =	{山下 義行},
	yomi =		{Yamashita, Y},
	title =		{文脈自由文法への否定の導入},
	school =	{筑波大学大学院工学研究科},
	year =		{1989}}

@misc{misc1,
	author =	{斉藤 康己 and 中島 浩},
	title =		{{\tt ipsjpapers.sty}},
	note =		{（情報処理学会論文誌用スタイルファイル， #
			論文著者に配布）},
	year =		{1995}}

@phdthesis{phdthesis1,
	author =	{Weihl, W.},
	title =		{Specification and Implementation of
			 Atomic Data Types},
	school =	{MIT},
	address =	{Boston},
	year =		{1984}}

@proceedings{proceedings1,
	title =		{Proc. Intl. Conf. on Fifth Generation Computer
			 Systems},
	organization =	{Institute for New Generation Computer Technology},
	volume =	{1},
	year =		{1992}}

@techreport{techreport1,
	author =	{Ihsakat Aredon},
	title =		{{\TeX} 独稽古},
	type =		{Seminar on Mathematical Sciences},
	number =	{13},
	institution =	{Department of Mathematics, Keio University},
	address =	{Yokohama},
	year =		{1989}}

@webpage{webpage,
	author =	{情報処理学会},
	title =		{コンピュータ博物館設立の提言},
	organization =	{情報処理学会},
	url =	{http://www.ipsj.or.jp/03somu/teigen/museum200702.html},
	refdate =	{2007-02-05}}
